<?xml version="1.0" encoding="UTF-8"?><collection xmlns="http://www.loc.gov/MARC21/slim"><record><leader>00557nam--2200181-i-4500</leader><controlfield tag="001">000002729</controlfield><controlfield tag="002">20161230</controlfield><controlfield tag="005">20161230201025</controlfield><controlfield tag="008">060222s1000------------r-----000-0-eng-d</controlfield><datafield ind1=" " ind2=" " tag="040"><subfield code="a">IFIN-HH</subfield></datafield><datafield ind1=" " ind2=" " tag="080"><subfield code="a">539.12.04</subfield></datafield><datafield ind1="1" ind2=" " tag="100"><subfield code="a">Zirkle, Raymond E</subfield></datafield><datafield ind1="1" ind2="0" tag="245"><subfield code="a">Biological effects of external x and gamma radiation</subfield><subfield code="b">Part i</subfield><subfield code="c">Raymond e. zirkle (ed.)</subfield></datafield><datafield ind1=" " ind2=" " tag="260"><subfield code="a">New York</subfield><subfield code="b">Mcgraww-hill Book Company, Inc</subfield><subfield code="c">1954</subfield></datafield><datafield ind1=" " ind2=" " tag="300"><subfield code="a">XXIV + 530 P</subfield></datafield><datafield ind1=" " ind2=" " tag="490"><subfield code="a">National Nuclear Energy Series</subfield><subfield code="v">Volume 22b</subfield></datafield><datafield ind1=" " ind2=" " tag="852"><subfield code="a">10727</subfield><subfield code="c">539.12.04</subfield></datafield><datafield ind1=" " ind2=" " tag="CAT"><subfield code="a">Sys</subfield><subfield code="c">20120202</subfield><subfield code="h">162038</subfield></datafield></record></collection>